<?xml version="1.0" encoding="UTF-8"?><collection><record><leader>07791ntm a2200637 a 4500</leader><controlfield tag="001">006795919</controlfield><controlfield tag="003">MiAaHDL</controlfield><controlfield tag="005">20190719000000.0</controlfield><controlfield tag="006">m        d        </controlfield><controlfield tag="007">cr bn ---auaua</controlfield><controlfield tag="008">090521s1783    xx            00| ||ara d</controlfield><datafield tag="035" ind1=" " ind2=" "><subfield code="a">(MiU)006795919</subfield></datafield><datafield tag="035" ind1=" " ind2=" "><subfield code="a">sdr-miu006795919</subfield></datafield><datafield tag="040" ind1=" " ind2=" "><subfield code="a">MiU</subfield><subfield code="c">MiU</subfield><subfield code="e">amremm</subfield></datafield><datafield tag="043" ind1=" " ind2=" "><subfield code="a">n-us-mi</subfield></datafield><datafield tag="100" ind1="1" ind2=" "><subfield code="6">880-01</subfield><subfield code="a">Zaynīʹzādah, Ḥusayn ibn Aḥmad,</subfield><subfield code="d">-1754 or 1755.</subfield></datafield><datafield tag="245" ind1="1" ind2="0"><subfield code="6">880-03</subfield><subfield code="a">Ḥall asrār al-akhyār ʻalá iʻrāb Iẓhār al-asrār,</subfield><subfield code="f">[1197, i.e. 1783].</subfield></datafield><datafield tag="246" ind1="3" ind2=" "><subfield code="a">معرب الاظهار</subfield></datafield><datafield tag="246" ind1="3" ind2=" "><subfield code="i">Title from close (p.419):</subfield><subfield code="a">اعراب على الاظهار</subfield></datafield><datafield tag="246" ind1="3" ind2=" "><subfield code="i">Edge title (tail):</subfield><subfield code="a">معرب زينى زاده</subfield></datafield><datafield tag="260" ind1=" " ind2=" "><subfield code="c">[1783].</subfield></datafield><datafield tag="300" ind1=" " ind2=" "><subfield code="a">212 leaves :</subfield><subfield code="b">paper ;</subfield><subfield code="c">200 x 125 (134 x 60) mm.</subfield></datafield><datafield tag="500" ind1=" " ind2=" "><subfield code="a">Shelfmark: Ann Arbor, University of Michigan, Special Collections Library, Isl. Ms. 226</subfield></datafield><datafield tag="500" ind1=" " ind2=" "><subfield code="a">Origin: As appears in colophon on p.419, copied by Aḥmad Imāmʻzādah al-Qasṭamūnī (Ahmet İmamzade el-Kastamoni) with transcription finished in Shawwāl 1197 [September 1783].</subfield></datafield><datafield tag="500" ind1=" " ind2=" "><subfield code="a">Former shelfmark: "342 T. De M. [i.e. Tammaro De Marinis]" inscribed in pencil on verso of front flyleaf ; "20" inscribed in pencil on 'title page' (p.3).</subfield></datafield><datafield tag="500" ind1=" " ind2=" "><subfield code="a">Binding: Pasteboards covered in tan leather ; Type II binding (with flap) ; pastedowns/flyleaves in gold-flecked yellow-green surface-dyed paper ; upper and lower covers carry gold-stamped (over red-oranged recessed onlays) mandorla (filled with vegetal composition, similar to Déroche class. NSd 7), pendants and cornerpieces with gold-tooled and gold-painted accents as well as guilloché roll border ; sewn in pink thread, two stations ; worked chevron endbands in pink and black, damaged ; overall in fair condition with some abrasion, staining, lifting of leather, etc. ; housed in box for protection.</subfield></datafield><datafield tag="500" ind1=" " ind2=" "><subfield code="a">Support: European laid paper ; opening type with 9 laid lines per cm. (vertical), chain lines spaced 26 mm. apart (horizontal), and crown and grapes (raisin) watermark (see p.6, 20, etc.), heavily sized and burnished, crisp and transluscent though sturdy, light beige in color ; latter gatherings (from p.181) lighter in color and with " C C W" ["G C W" ?] watermark (see p.190, 191, 230, 231, 420, 421, etc.).</subfield></datafield><datafield tag="500" ind1=" " ind2=" "><subfield code="a">Decoration: Elegant illuminated headpiece (ʻunwān) at opening on p.4 consisting of rectangular piece with empty gold cartouche and flanking floral motifs in gold, red, and green surmounted by a shallow w-shaped piece filled with swirling floral vegetal decoration in green and red on a filed of gold, surmounted by vertical stalks (tīgh) in red and blue and set in a well of decorative bands in light blue, red, white, and gold ; written area throughout surrounded by frame consisting of a series of gold bands with an outer red fillet and a separate red fillet (narrow gold band for incipit and facing page) surrounding the area of the margins ; keywords rubricated ; overlining in red.</subfield></datafield><datafield tag="500" ind1=" " ind2=" "><subfield code="a">Script: Nastaʻlīq (talik) ; virtually serifless with slight effect of words descending to baseline (occasionally more exaggerated), elongation and contrasting thickness of horizontal strokes, pointing (for two and three dots) mainly in strokes rather than distinct dots, kāf mashqūqah preferred.</subfield></datafield><datafield tag="500" ind1=" " ind2=" "><subfield code="a">Layout: Written in 19 lines per page ; frame-ruled.</subfield></datafield><datafield tag="500" ind1=" " ind2=" "><subfield code="a">Collation: ii, 20 V(200), V+2 (212), i ; exclusively quinions (one anomalous) ; catchwords present ; pagination in pencil, Western numerals, supplied during digitization (includes flyleaves and mistakenly skips two pages each between pp.101-102 and 321-322).</subfield></datafield><datafield tag="500" ind1=" " ind2=" "><subfield code="a">Colophon: "Scribal," triangular, reads: "تمت الكتاب بعون الملك الوهاب وقد كملت هذه المعرب في شهر شوال سنة سبع وتسعين ومائة والف عن يد عبد الضعيف الحاج احمد امام زاده القسطموني غفر له"</subfield></datafield><datafield tag="500" ind1=" " ind2=" "><subfield code="a">Explicit: "ويجوز ان يكون صفة رجل حملا على محله القريب كما في الرضي هذا اخر ما اوردناه من الاعراب على اظهار الاسرار بعون الملك الستار ... اللهم اجعله خالصا لوجهك الكريم ... وصلى الله علي سيدنا محمد الذي ارسل رحمة للعالمين وعلى اله واصحابه اجمعين وعلى جميع الانبياء والمرسلين والحمد لله رب العالمين"</subfield></datafield><datafield tag="500" ind1=" " ind2=" "><subfield code="a">Incipit: "الحمد لله الذي رفع داء الجهل عنا بانزال قرآن عربي بين الهدى علينا ونصب اطباء العلماء بيننا بمحض لطفه واحسانه وكرمه لنا ... اما بعد فيقول الراجي من ربه الحسنى والزيادة حسين ابن احمد الشهير بزين زاده غفر ذنوبهما وستر عيوبهما لما كان كتاب اظهار الاسرار للشيخ محمد البركي بديع الفضل في الاعصار منطويا على حقائق المباحث المعربية ومحويا على دقائق الاسرار الادبية ... سألني بعض الاخوان ... ان اكتب عليه اعرابا لا يغادر صغيرا ولا كبيرا الا احصاه ... فاجبتهم متضرعا الى من هو عليه هين يسير ... وسميته بحل اسرار الاخيار على اعراب اظهار الاسرار ..."</subfield></datafield><datafield tag="500" ind1=" " ind2=" "><subfield code="a">Title from opening on p.5.</subfield></datafield><datafield tag="500" ind1=" " ind2=" "><subfield code="a">Ms. codex.</subfield></datafield><datafield tag="510" ind1="4" ind2=" "><subfield code="a">Ḥājjī Khalīfah. Kashf al-ẓunūn,</subfield><subfield code="c">i, 346</subfield></datafield><datafield tag="510" ind1="4" ind2=" "><subfield code="a">Brockelmann, C. GAL,</subfield><subfield code="c">II 441 no.20 cmtre c. ; II 656</subfield></datafield><datafield tag="520" ind1="8" ind2=" "><subfield code="a">Elegant copy of the commentary by Ḥusayn ibn Aḥmad Zaynīʻzade on Iẓhār al-asrār, the work of Arabic grammar by Birgivî (Birgili, Birkawī) Mehmet Efendi.</subfield></datafield><datafield tag="538" ind1=" " ind2=" "><subfield code="a">Mode of access: Internet.</subfield></datafield><datafield tag="541" ind1=" " ind2=" "><subfield code="c">Purchase ;</subfield><subfield code="a">Acquired by purchase (funds donated by Horace Rackham).</subfield><subfield code="d">1924.</subfield></datafield><datafield tag="546" ind1=" " ind2=" "><subfield code="a">Arabic.</subfield></datafield><datafield tag="561" ind1=" " ind2=" "><subfield code="a">Inscriptions in pencil on front flyleaf "342 T. De M. [i.e. Tammaro De Marinis]" and 'title page' (p.3) "20" ; also on 'title page' (p.3), ownership statement "من كتب الفقير مخدوم عالى پاشا مصطفى رشيد" and oval seal impression (with inscription "السيد مصطفى رشيد" and seemingly dated 1274 [1857 or 8]) in name of Mustafa Reşit (السيد مصطفى رشيد / Muṣṭafá Rashīd / Mahdum-ı Âli Paşa Mustafa Reşit), son of the grand vezir Mehmet Emin Âli Paşa (d.1871), compare statements (some dated 1286 [1870]) and seal impressions in other manuscripts, including Isl. Ms. 371 and Isl. Ms. 389, along with Isl. Ms. 308, Isl. Ms. 399 and Isl. Ms. 409).</subfield></datafield><datafield tag="600" ind1="0" ind2="0"><subfield code="a">Birgivî Mehmet Efendi,</subfield><subfield code="d">ca. 1522-1573.</subfield><subfield code="t">Iẓhār al-asrār.</subfield></datafield><datafield tag="650" ind1=" " ind2="0"><subfield code="a">Manuscripts, Arabic</subfield><subfield code="z">Michigan</subfield><subfield code="z">Ann Arbor.</subfield></datafield><datafield tag="650" ind1=" " ind2="0"><subfield code="a">Arabic language</subfield><subfield code="x">Inflection</subfield><subfield code="v">Early works to 1800.</subfield></datafield><datafield tag="650" ind1=" " ind2="0"><subfield code="a">Arabic language</subfield><subfield code="x">Grammar</subfield><subfield code="v">Early works to 1800.</subfield></datafield><datafield tag="655" ind1=" " ind2="7"><subfield code="a">Headpieces (layout features)</subfield><subfield code="y">18th century.</subfield><subfield code="2">aat</subfield></datafield><datafield tag="700" ind1="0" ind2=" "><subfield code="a">Abdülhamid</subfield><subfield code="b">II,</subfield><subfield code="c">Sultan of the Turks,</subfield><subfield code="d">1842-1918,</subfield><subfield code="e">former owner.</subfield></datafield><datafield tag="700" ind1="0" ind2=" "><subfield code="6">880-07</subfield><subfield code="a">Mustafa Reşit,</subfield><subfield code="d">fl. 1870,</subfield><subfield code="e">former owner.</subfield></datafield><datafield tag="700" ind1="1" ind2=" "><subfield code="6">880-05</subfield><subfield code="a">Ahmet İmamzade el-Kastamoni,</subfield><subfield code="d">fl. 1782,</subfield><subfield code="e">scribe.</subfield></datafield><datafield tag="773" ind1="0" ind2=" "><subfield code="a">Abdul Hamid Collection.</subfield></datafield><datafield tag="880" ind1="0" ind2=" "><subfield code="6">700-07/</subfield><subfield code="a">مطفى رشيد،</subfield><subfield code="e">مالك سابق.</subfield></datafield><datafield tag="880" ind1="1" ind2=" "><subfield code="6">700-05/</subfield><subfield code="a">احمد امام زاده القسطمونى،</subfield><subfield code="e">ناسخ.</subfield></datafield><datafield tag="880" ind1="1" ind2="0"><subfield code="6">245-03/</subfield><subfield code="a">حل اسرار الاخيار على اعراب اظهار الاسرار,</subfield><subfield code="f">[1197ه, 1783م].</subfield></datafield><datafield tag="880" ind1="1" ind2=" "><subfield code="6">100-01/</subfield><subfield code="a">زينى زاده، حسين بن احمد.</subfield></datafield><datafield tag="CID" ind1=" " ind2=" "><subfield code="a">006795919</subfield></datafield><datafield tag="DAT" ind1="0" ind2=" "><subfield code="a">20190719102636.0</subfield><subfield code="b">20190719000000.0</subfield></datafield><datafield tag="DAT" ind1="1" ind2=" "><subfield code="a">20190719090653.0</subfield><subfield code="b">2019-07-19T16:10:28Z</subfield></datafield><datafield tag="DAT" ind1="2" ind2=" "><subfield code="a">2015-10-02T18:00:03Z</subfield></datafield><datafield tag="CAT" ind1=" " ind2=" "><subfield code="a">SDR-MIU</subfield><subfield code="d">EX LIBRIS - ALEPH</subfield><subfield code="l">prepare.pl-004-008</subfield></datafield><datafield tag="FMT" ind1=" " ind2=" "><subfield code="a">BK</subfield></datafield><datafield tag="HOL" ind1=" " ind2=" "><subfield code="0">sdr-miu006795919</subfield><subfield code="a">MiU</subfield><subfield code="b">SDR</subfield><subfield code="c">MIU</subfield><subfield code="p">mdp.39015079126150</subfield><subfield code="s">MIU</subfield><subfield code="1">006795919</subfield></datafield><datafield tag="974" ind1=" " ind2=" "><subfield code="b">MIU</subfield><subfield code="c">MIU</subfield><subfield code="d">20190719</subfield><subfield code="s">lit-dlps-dc</subfield><subfield code="u">mdp.39015079126150</subfield><subfield code="y">1783</subfield><subfield code="r">pd</subfield><subfield code="q">bib</subfield><subfield code="t">non-US bib date1 &lt; 1896</subfield></datafield></record></collection>